
@online{world_health_organization_new_2020,
	title = {From the “new normal” to a “new future”: A sustainable response to {COVID}-19, 2020},
	url = {https://www.who.int/westernpacific/news/commentaries/detail-hq/from-the-new-normal-to-a-new-future-a-sustainable-response-to-covid-19},
	abstract = {We are nine months into the {COVID}-19 pandemic and infections and deaths are accelerating in many parts of the world. There are now more than 33.7 million confirmed cases and over one million deaths.},
	titleaddon = {{WHO}},
	type = {organization},
	author = {World Health Organization},
	urldate = {2021-06-08},
	date = {2020-10-13},
}